<?xml version="1.0" encoding="UTF-8"?><collection xmlns="http://www.loc.gov/MARC21/slim"><record><leader>00595nam--2200217-u-4500</leader><controlfield tag="001">000050775</controlfield><controlfield tag="002">20161230</controlfield><controlfield tag="005">20161230201048</controlfield><controlfield tag="008">080403s1000------------r-----000-0-eng-d</controlfield><datafield ind1=" " ind2=" " tag="020"><subfield code="a">0444528385</subfield></datafield><datafield ind1=" " ind2=" " tag="080"><subfield code="a">538.9:53.06</subfield></datafield><datafield ind1="1" ind2=" " tag="100"><subfield code="a">Shalaev, V.M</subfield></datafield><datafield ind1="1" ind2="0" tag="245"><subfield code="a">Nanophotonics With Surface Plasmons</subfield><subfield code="c">V.M. Shalaev; S. Kawata (Eds.)</subfield></datafield><datafield ind1=" " ind2=" " tag="260"><subfield code="a">Amsterdam</subfield><subfield code="b">Elsevier</subfield><subfield code="c">2007</subfield></datafield><datafield ind1=" " ind2=" " tag="300"><subfield code="a">321 p</subfield></datafield><datafield ind1=" " ind2=" " tag="490"><subfield code="a">Advances in Nano-Optics and Nano-Photonics</subfield></datafield><datafield ind1=" " ind2=" " tag="504"><subfield code="a">Includes Index</subfield></datafield><datafield ind1=" " ind2="4" tag="650"><subfield code="a">Active Plasmonics</subfield></datafield><datafield ind1="1" ind2=" " tag="700"><subfield code="a">Kawata, S</subfield><subfield code="e">Ed</subfield></datafield><datafield ind1=" " ind2=" " tag="852"><subfield code="c">001.2</subfield></datafield><datafield ind1=" " ind2=" " tag="CAT"><subfield code="a">Sys</subfield><subfield code="c">20110105</subfield><subfield code="h">084046</subfield></datafield></record></collection>